<?xml version="1.0" encoding="UTF-8"?><collection xmlns="http://www.loc.gov/MARC21/slim"><record><leader>00678nam--2200181-i-4500</leader><controlfield tag="001">000022495</controlfield><controlfield tag="002">20161230</controlfield><controlfield tag="005">20161230201034</controlfield><controlfield tag="008">060222s1000------------r-----000-0-eng-d</controlfield><datafield ind1=" " ind2=" " tag="040"><subfield code="a">IFIN-HH</subfield></datafield><datafield ind1=" " ind2=" " tag="080"><subfield code="a">530.145.6</subfield></datafield><datafield ind1="1" ind2=" " tag="100"><subfield code="a">Jaswon, M.A</subfield></datafield><datafield ind1="1" ind2="0" tag="245"><subfield code="a">The theory of cohesion. an outline of the cohesive properties of electrons in atoms, molecules and crystals</subfield><subfield code="b">Metal physics and physical metallurgy vol. 2. foreword by prof. g.v. raynor</subfield><subfield code="c">M.a. jaswon</subfield></datafield><datafield ind1=" " ind2=" " tag="260"><subfield code="a">London</subfield><subfield code="b">Pergamon Press Ltd</subfield><subfield code="c">1954</subfield></datafield><datafield ind1=" " ind2=" " tag="300"><subfield code="a">VIII + 245P</subfield></datafield><datafield ind1=" " ind2=" " tag="490"><subfield code="a">International Series Of Monographs On Metal Physics And Physical Metalllurgy</subfield></datafield><datafield ind1=" " ind2=" " tag="852"><subfield code="a">11749</subfield><subfield code="c">539.2</subfield></datafield><datafield ind1=" " ind2=" " tag="CAT"><subfield code="a">Sys</subfield><subfield code="c">20121002</subfield><subfield code="h">171705</subfield></datafield></record></collection>